
@MISC{NOAAScale,
author = {National Oceanic and Atmospheric Administration},
title = {{NOAA Space Weather Scales}},
url = {http://www.swpc.noaa.gov/NOAAscales/},
urldate = {2013-09-16},
year = {2005}
}

@article{Denton2011,
  doi = {10.1029/2010ja016027},
  url = {http://dx.doi.org/10.1029/2010JA016027},
  year  = {2011},
  month = {mar},
  publisher = {Wiley-Blackwell},
  volume = {116},
  number = {A3},
  author = {R. E. Denton and M. F. Thomsen and K. Takahashi and R. R. Anderson and H. J. Singer},
  title = {Solar cycle dependence of bulk ion composition at geosynchronous orbit},
  journal = {J. Geophys. Res.}
}

@article{Maynard1977,
  doi = {10.1029/ja082i010p01591},
  url = {http://dx.doi.org/10.1029/JA082i010p01591},
  year  = {1977},
  month = {apr},
  publisher = {Wiley-Blackwell},
  volume = {82},
  number = {10},
  pages = {1591--1600},
  author = {Nelson C. Maynard and Joseph M. Grebowsky},
  title = {The plasmapause revisited},
  journal = {J. Geophys. Res.}
}

@MISC{OMNIWeb,
author = {{NASA Goddard Space Flight Center}},
title = {OMNIWeb},
url = {http://omniweb.gsfc.nasa.gov/form/dx1.html},
urldate = {2015-06-11}
}

@ARTICLE{ExtremeEvents,
   author = {{Ghil}, M. and {Yiou}, P. and {Hallegatte}, S. and {Malamud}, B.~D. and 
	{Naveau}, P. and {Soloviev}, A. and {Friederichs}, P. and {Keilis-Borok}, V. and 
	{Kondrashov}, D. and {Kossobokov}, V. and {Mestre}, O. and {Nicolis}, C. and 
	{Rust}, H.~W. and {Shebalin}, P. and {Vrac}, M. and {Witt}, A. and 
	{Zaliapin}, I.},
    title = "{Extreme events: dynamics, statistics and prediction}",
  journal = {Nonlinear Processes in Geophysics},
     year = 2011,
    month = may,
   volume = 18,
    pages = {295-350},
      doi = {10.5194/npg-18-295-2011},
   adsurl = {http://adsabs.harvard.edu/abs/2011NPGeo..18..295G},
  adsnote = {Provided by the SAO/NASA Astrophysics Data System}
}

@ARTICLE{Yermolaev,
   author = {{Yermolaev}, Y.~I. and {Yermolaev}, M.~Y.},
    title = "{Statistic study on the geomagnetic storm effectiveness of solar and interplanetary events}",
  journal = {Advances in Space Research},
     year = 2006,
   volume = 37,
    pages = {1175-1181},
      doi = {10.1016/j.asr.2005.03.130},
   adsurl = {http://adsabs.harvard.edu/abs/2006AdSpR..37.1175Y},
  adsnote = {Provided by the SAO/NASA Astrophysics Data System},
}


@ARTICLE{StormDefinition,
   author = {{Gosling}, J.~T. and {McComas}, D.~J. and {Phillips}, J.~L. and 
	{Bame}, S.~J.},
    title = "{Geomagnetic activity associated with earth passage of interplanetary shock disturbances and coronal mass ejections}",
  journal = {J. Geophys. Research},
 keywords = {SHOCK WAVES, SOLAR ACTIVITY EFFECTS, SOLAR CORONA, SOLAR WIND, STELLAR MASS EJECTION, INTERPLANETARY MAGNETIC FIELDS, MAGNETIC STORMS, MAGNETOACTIVITY, SOLAR ELECTRONS},
     year = 1991,
    month = may,
   volume = 96,
    pages = {7831-7839},
      doi = {10.1029/91JA00316},
   adsurl = {http://adsabs.harvard.edu/abs/1991JGR....96.7831G},
  adsnote = {Provided by the SAO/NASA Astrophysics Data System}
}


@ARTICLE{StormSources,
   author = {{Zhang}, J. and {Richardson}, I.~G. and {Webb}, D.~F. and {Gopalswamy}, N. and 
	{Huttunen}, E. and {Kasper}, J.~C. and {Nitta}, N.~V. and {Poomvises}, W. and 
	{Thompson}, B.~J. and {Wu}, C.-C. and {Yashiro}, S. and {Zhukov}, A.~N.
	},
    title = "{Solar and interplanetary sources of major geomagnetic storms (Dst $\leq$ -100 nT) during 1996-2005}",
  journal = {Journal of Geophysical Research (Space Physics)},
 keywords = {Solar Physics, Astrophysics, and Astronomy: Coronal mass ejections (2101), Interplanetary Physics: Corotating streams, Interplanetary Physics: Ejecta, driver gases, and magnetic clouds, Magnetospheric Physics: Magnetic storms and substorms (7954), and Astronomy: Corona, geomagnetic storm, CME, ICME},
     year = 2007,
    month = oct,
   volume = 112,
   number = A11,
      eid = {A10102},
    pages = {10102},
      doi = {10.1029/2007JA012321},
   adsurl = {http://adsabs.harvard.edu/abs/2007JGRA..11210102Z},
  adsnote = {Provided by the SAO/NASA Astrophysics Data System},
}

@ARTICLE{VBzDST,
   author = {{Clauer}, C.~R. and {McPherron}, R.~L. and {Searls}, C. and 
	{Kivelson}, M.~G.},
    title = "{Solar wind control of auroral zone geomagnetic activity}",
  journal = {\grl},
 keywords = {AURORAL ZONES, EARTH MAGNETOSPHERE, GEOMAGNETISM, INTERPLANETARY MAGNETIC FIELDS, SOLAR TERRESTRIAL INTERACTIONS, SOLAR WIND VELOCITY, COMPUTER PROGRAMS, DATA REDUCTION, LEAST SQUARES METHOD, LINEAR PREDICTION, LOW PASS FILTERS, PLASMA INTERACTIONS},
     year = 1981,
    month = aug,
   volume = 8,
    pages = {915-918},
      doi = {10.1029/GL008i008p00915},
   adsurl = {http://adsabs.harvard.edu/abs/1981GeoRL...8..915C},
  adsnote = {Provided by the SAO/NASA Astrophysics Data System}
}

@ARTICLE{VBzAL,
   author = {{Bargatze}, L.~F. and {Baker}, D.~N. and {Hones}, Jr., E.~W. and 
	{McPherron}, R.~L.},
    title = "{Magnetospheric impulse response for many levels of geomagnetic activity}",
  journal = {J. Geophys. Research},
 keywords = {EARTH MAGNETOSPHERE, GEOMAGNETIC PULSATIONS, SOLAR TERRESTRIAL INTERACTIONS, SOLAR WIND, AURORAS, LINEAR PREDICTION, TIME SERIES ANALYSIS},
     year = 1985,
    month = jul,
   volume = 90,
    pages = {6387-6394},
      doi = {10.1029/JA090iA07p06387},
   adsurl = {http://adsabs.harvard.edu/abs/1985JGR....90.6387B},
  adsnote = {Provided by the SAO/NASA Astrophysics Data System}
}

@ARTICLE{ARXEqn,
   author = {{Klimas}, A.~J. and {Vassiliadis}, D. and {Baker}, D.~N.},
    title = "{Dst index prediction using data-derived analogues of the magnetospheric dynamics}",
  journal = {J. Geophys. Research},
 keywords = {Magnetospheric Physics: Solar wind/magnetosphere interactions},
     year = 1998,
    month = sep,
   volume = 103,
    pages = {20435-20448},
      doi = {10.1029/98JA01559},
   adsurl = {http://adsabs.harvard.edu/abs/1998JGR...10320435K},
  adsnote = {Provided by the SAO/NASA Astrophysics Data System}
}


@ARTICLE{Coupling,
   author = {{Vassiliadis}, D. and {Weigel}, R.~S. and {Baker}, D.~N. and 
	{Kanekal}, S.~G. and {Klimas}, A.~J.},
    title = "{Probing the solar wind-inner magnetospheric coupling: validation of relativistic electron flux models}",
  journal = {Journal of Atmospheric and Solar-Terrestrial Physics},
     year = 2004,
    month = oct,
   volume = 66,
    pages = {1399-1409},
      doi = {10.1016/j.jastp.2004.03.025},
   adsurl = {http://adsabs.harvard.edu/abs/2004JASTP..66.1399V},
  adsnote = {Provided by the SAO/NASA Astrophysics Data System}
}


@ARTICLE{WeigelDecision,
   author = {{Weigel}, R.~S. and {Detman}, T. and {Rigler}, E.~J. and {Baker}, D.~N.
	},
    title = "{Decision theory and the analysis of rare event space weather forecasts}",
  journal = {Space Weather},
 keywords = {decision theory, rare events, space weather},
     year = 2006,
    month = may,
   volume = 4,
      eid = {05002},
    pages = {5002},
      doi = {10.1029/2005SW000157},
   adsurl = {http://adsabs.harvard.edu/abs/2006SpWea...4.5002W},
  adsnote = {Provided by the SAO/NASA Astrophysics Data System}
}


@ARTICLE{Seasons,
   author = {{Wiltberger}, M. and {Weigel}, R.~S. and {Lotko}, W. and {Fedder}, J.~A.
	},
    title = "{Modeling seasonal variations of auroral particle precipitation in a global-scale magnetosphere-ionosphere simulation}",
  journal = {Journal of Geophysical Research (Space Physics)},
 keywords = {Magnetospheric Physics: Magnetosphere/ionosphere interactions (2431), Ionosphere: Auroral ionosphere (2704), Magnetospheric Physics: Energetic particles: precipitating, Magnetospheric Physics: Field-aligned currents and current systems (2409)},
     year = 2009,
    month = jan,
   volume = 114,
      eid = {A01204},
    pages = {1204},
      doi = {10.1029/2008JA013108},
   adsurl = {http://adsabs.harvard.edu/abs/2009JGRA..114.1204W},
  adsnote = {Provided by the SAO/NASA Astrophysics Data System}
}

@ARTICLE{DOYvar,
   author = {{Weigel}, R.~S.},
    title = "{Solar wind time history contribution to the day-of-year variation in geomagnetic activity}",
  journal = {Journal of Geophysical Research (Space Physics)},
 keywords = {Space Plasma Physics: Mathematical and numerical techniques (0500, 3200), Space Plasma Physics: General or miscellaneous, Ionosphere: Current systems (2721), Ionosphere: Ionospheric disturbances, Ionosphere: General or miscellaneous, geomagnetic, solar wind, time delay},
     year = 2007,
    month = oct,
   volume = 112,
   number = A11,
      eid = {A10207},
    pages = {10207},
      doi = {10.1029/2007JA012324},
   adsurl = {http://adsabs.harvard.edu/abs/2007JGRA..11210207W},
  adsnote = {Provided by the SAO/NASA Astrophysics Data System}
}

@ARTICLE{RadBeltForecast,
   author = {{Horne}, R.~B. and {Glauert}, S.~A. and {Meredith}, N.~P. and 
	{Boscher}, D. and {Maget}, V. and {Heynderickx}, D. and {Pitchford}, D.
	},
    title = "{Space weather impacts on satellites and forecasting the Earth's electron radiation belts with SPACECAST}",
  journal = {Space Weather},
 keywords = {radiation belts, forecasting, satellites},
     year = 2013,
    month = apr,
   volume = 11,
    pages = {169-186},
      doi = {10.1002/swe.20023},
   adsurl = {http://adsabs.harvard.edu/abs/2013SpWea..11..169H},
  adsnote = {Provided by the SAO/NASA Astrophysics Data System}
}

@ARTICLE{Chapman,
   author = {{Chapman}, S. and {Ferraro}, V.~C.~A.},
    title = "{A new theory of magnetic storms}",
  journal = {Terrestrial Magnetism and Atmospheric Electricity (Journal of Geophysical Research)},
     year = 1931,
   volume = 36,
    pages = {77},
      doi = {10.1029/TE036i002p00077},
   adsurl = {http://adsabs.harvard.edu/abs/1931TeMAE..36...77C},
  adsnote = {Provided by the SAO/NASA Astrophysics Data System}
}


@ARTICLE{StatCompStorms,
   author = {{Zhang}, J. and {Liemohn}, M.~W. and {Kozyra}, J.~U. and {Thomsen}, M.~F. and 
	{Elliott}, H.~A. and {Weygand}, J.~M.},
    title = "{A statistical comparison of solar wind sources of moderate and intense geomagnetic storms at solar minimum and maximum}",
  journal = {Journal of Geophysical Research (Space Physics)},
 keywords = {Interplanetary Physics: Solar cycle variations (7536), Magnetospheric Physics: Magnetic storms and substorms (7954), Interplanetary Physics: Interplanetary magnetic fields, Interplanetary Physics: Solar wind plasma, Magnetospheric Physics: Solar wind/magnetosphere interactions, magnetic indices, storms, solar wind/magnetospheric interactions, space weather},
     year = 2006,
    month = jan,
   volume = 111,
      eid = {A01104},
    pages = {1104},
      doi = {10.1029/2005JA011065},
   adsurl = {http://adsabs.harvard.edu/abs/2006JGRA..111.1104Z},
  adsnote = {Provided by the SAO/NASA Astrophysics Data System}
}

@MISC{Denton,
author	=	{{Denton}, R.},
title		=	"{Database of Input Parameters for Tsyganenko Magnetic Field Models}",
year		=	2007,
url	=	{http://www.dartmouth.edu/~rdenton/magpar/index.html},
urldate	=	{2013-10-28}
}


@ARTICLE{StormModel,
   author = {{Tsyganenko}, N.~A. and {Sitnov}, M.~I.},
    title = "{Modeling the dynamics of the inner magnetosphere during strong geomagnetic storms}",
  journal = {Journal of Geophysical Research (Space Physics)},
 keywords = {Magnetospheric Physics: Magnetosphere: inner, Magnetospheric Physics: Magnetospheric configuration and dynamics, Magnetospheric Physics: Numerical modeling, Magnetospheric Physics: Magnetic storms and substorms (7954), Space Weather: Models, magnetosphere, modeling, geomagnetic storms},
     year = 2005,
    month = mar,
   volume = 110,
      eid = {A03208},
    pages = {3208},
      doi = {10.1029/2004JA010798},
   adsurl = {http://adsabs.harvard.edu/abs/2005JGRA..110.3208T},
  adsnote = {Provided by the SAO/NASA Astrophysics Data System}
}


@ARTICLE{Weigel2010,
   author = {{Weigel}, R.~S.},
    title = "{Solar wind density influence on geomagnetic storm intensity}",
  journal = {Journal of Geophysical Research (Space Physics)},
 keywords = {Magnetospheric Physics: Magnetic storms and substorms (7954), Magnetospheric Physics: Magnetosphere: inner, Magnetospheric Physics: Ring current, Magnetospheric Physics: Solar wind/magnetosphere interactions},
     year = 2010,
    month = sep,
   volume = 115,
      eid = {A09201},
    pages = {9201},
      doi = {10.1029/2009JA015062},
   adsurl = {http://adsabs.harvard.edu/abs/2010JGRA..115.9201W},
  adsnote = {Provided by the SAO/NASA Astrophysics Data System}
}

@ARTICLE{Takahashi2010,
   author = {{Takahashi}, K. and {Denton}, R.~E. and {Singer}, H.~J.},
    title = "{Solar cycle variation of geosynchronous plasma mass density derived from the frequency of standing Alfv{\'e}n waves}",
  journal = {J. of Geophys. Res.},
 keywords = {Magnetospheric Physics: Magnetospheric configuration and dynamics, Magnetospheric Physics: Magnetosphere: outer, Magnetospheric Physics: MHD waves and instabilities (2149, 6050, 7836), Magnetospheric Physics: Magnetosphere/ionosphere interactions (2431), Interplanetary Physics: Solar cycle variations (7536)},
     year = 2010,
    month = jul,
   volume = 115,
      eid = {A07207},
    pages = {7207},
      doi = {10.1029/2009JA015243},
   adsurl = {http://adsabs.harvard.edu/abs/2010JGRA..115.7207T},
  adsnote = {Provided by the SAO/NASA Astrophysics Data System}
}

@ARTICLE{Kondrashov2014ReconstructionOfGaps,
   author = {{Kondrashov}, D. and {Denton}, R. and {Shprits}, Y.~Y. and {Singer}, H.~J.
	},
    title = "{Reconstruction of gaps in the past history of solar wind parameters}",
  journal = {Geophys. Res. Lett.},
 keywords = {solar wind, reconstruction, gaps, singular spectrum analysis},
     year = 2014,
    month = apr,
   volume = 41,
    pages = {2702-2707},
      doi = {10.1002/2014GL059741},
   adsurl = {http://adsabs.harvard.edu/abs/2014GeoRL..41.2702K},
  adsnote = {Provided by the SAO/NASA Astrophysics Data System}
}

@ARTICLE{Takahashi2006,
   author = {{Takahashi}, K. and {Denton}, R.~E. and {Anderson}, R.~R. and 
	{Hughes}, W.~J.},
    title = "{Mass density inferred from toroidal wave frequencies and its comparison to electron density}",
  journal = {J. of Geophys. Res.},
 keywords = {Magnetospheric Physics: MHD waves and instabilities (2149, 6050, 7836), Magnetospheric Physics: Magnetosphere: inner, Magnetospheric Physics: Magnetospheric configuration and dynamics, Magnetospheric Physics: Ring current, Magnetospheric Physics: Magnetic storms and substorms (7954), mass density, ion mass, inner magnetosphere, ULF waves, toroidal mode, CRRES},
     year = 2006,
    month = jan,
   volume = 111,
      eid = {A01201},
    pages = {1201},
      doi = {10.1029/2005JA011286},
   adsurl = {http://adsabs.harvard.edu/abs/2006JGRA..111.1201T},
  adsnote = {Provided by the SAO/NASA Astrophysics Data System}
}


@ARTICLE{Lavraud2006,
   author = {{Lavraud}, B. and {Thomsen}, M.~F. and {Borovsky}, J.~E. and 
	{Denton}, M.~H. and {Pulkkinen}, T.~I.},
    title = "{Magnetosphere preconditioning under northward IMF: Evidence from the study of coronal mass ejection and corotating interaction region geoeffectiveness}",
  journal = {Journal of Geophysical Research (Space Physics)},
 keywords = {Magnetospheric Physics: Solar wind/magnetosphere interactions, Magnetospheric Physics: Magnetic storms and substorms (7954), Magnetospheric Physics: Ring current, Interplanetary Physics: Coronal mass ejections (7513), Interplanetary Physics: Corotating streams, geoeffectiveness, magnetosphere, preconditioning},
     year = 2006,
    month = sep,
   volume = 111,
      eid = {A09208},
    pages = {9208},
      doi = {10.1029/2005JA011566},
   adsurl = {http://adsabs.harvard.edu/abs/2006JGRA..111.9208L},
  adsnote = {Provided by the SAO/NASA Astrophysics Data System}
}

@ARTICLE{Tsurutani1997,
   author = {{Tsurutani}, B.~T. and {Gonzalez}, W.~D.},
    title = "{The Interplanetary causes of magnetic storms: A review}",
  journal = {Washington DC American Geophysical Union Geophysical Monograph Series},
     year = 1997,
   volume = 98,
    pages = {77-89},
      doi = {10.1029/GM098p0077},
   adsurl = {http://adsabs.harvard.edu/abs/1997GMS....98...77T},
  adsnote = {Provided by the SAO/NASA Astrophysics Data System}
}

@article{Chappell1970,
  doi = {10.1029/ja075i001p00050},
  url = {http://dx.doi.org/10.1029/JA075i001p00050},
  year  = {1970},
  month = {jan},
  publisher = {Wiley-Blackwell},
  volume = {75},
  number = {1},
  pages = {50--56},
  author = {C. R. Chappell and K. K. Harris and G. W. Sharp},
  title = {A study of the influence of magnetic activity on the location of the plasmapause as measured by {OGO} 5},
  journal = {J. Geophys. Res.}
}

@article{Denton2016,
  doi = {10.1002/2015ja022167},
  url = {http://dx.doi.org/10.1002/2015JA022167},
  year  = {2016},
  month = {apr},
  publisher = {Wiley-Blackwell},
  volume = {121},
  number = {4},
  pages = {2962--2975},
  author = {R. E. Denton and Kazue Takahashi and Justice Amoh and H. J. Singer},
  title = {Mass density at geostationary orbit and apparent mass refilling},
  journal = {J. Geophys. Res.}
}

@ARTICLE{Denton2006,
   author = {{Denton}, R.~E. and {Takahashi}, K. and {Galkin}, I.~A. and 
	{Nsumei}, P.~A. and {Huang}, X. and {Reinisch}, B.~W. and {Anderson}, R.~R. and 
	{Sleeper}, M.~K. and {Hughes}, W.~J.},
    title = "{Distribution of density along magnetospheric field lines}",
  journal = {J. of Geophys. Res.},
 keywords = {Magnetospheric Physics: Plasmasphere, Magnetospheric Physics: Magnetosphere: inner, Magnetospheric Physics: Magnetospheric configuration and dynamics, Magnetospheric Physics: Numerical modeling, Magnetospheric Physics: MHD waves and instabilities (2149, 6050, 7836), electron density, field line dependence, mass density},
     year = 2006,
    month = apr,
   volume = 111,
      eid = {A04213},
    pages = {4213},
      doi = {10.1029/2005JA011414},
   adsurl = {http://adsabs.harvard.edu/abs/2006JGRA..111.4213D},
  adsnote = {Provided by the SAO/NASA Astrophysics Data System}
}
@article{Carpenter1966,
  doi = {10.1029/jz071i003p00693},
  url = {http://dx.doi.org/10.1029/JZ071i003p00693},
  year  = {1966},
  month = {feb},
  publisher = {Wiley-Blackwell},
  volume = {71},
  number = {3},
  pages = {693--709},
  author = {D. L. Carpenter},
  title = {Whistler studies of the plasmapause in the magnetosphere: 1. {T}emporal variations in the position of the knee and some evidence on plasma motions near the knee},
  journal = {J. Geophys. Res.}
}

@article{Carpenter1992,
  doi = {10.1029/91ja01548},
  url = {http://dx.doi.org/10.1029/91JA01548},
  year  = {1992},
  publisher = {Wiley-Blackwell},
  volume = {97},
  number = {A2},
  pages = {1097--1108},
  author = {D. L. Carpenter and R. R. Anderson},
  title = {An {ISEE}/whistler model of equatorial electron density in the magnetosphere},
  journal = {J. Geophys. Res.}
}
@ARTICLE{Yao2008,
author = {{Yao}, Y. and {Seki}, K. and {Miyoshi}, Y. and {McFadden}, J.~P. and {Lund}, E.~J. and {Carlson},C.~W.},
title = "{Effect of solar wind variation on low-energy O$^+$ populations in the magnetosphere during geomagnetic storms: FAST observations}",
journal = {J. of Geophys. Res.},
year = 2008,
volume = 113,
doi = {10.1029/2007JA012681}
}

@ARTICLE{OBrien2003,
   author = {{O'Brien}, T.~P. and {Moldwin}, M.~B.},
    title = "{Empirical plasmapause models from magnetic indices}",
  journal = {Geophysical Research Letters},
 keywords = {Magnetospheric Physics: Plasmasphere, Magnetospheric Physics: Plasma convection, Magnetospheric Physics: Magnetospheric configuration and dynamics, Magnetospheric Physics: Electric fields (2411), Magnetospheric Physics: Magnetosphere-inner,},
     year = 2003,
    month = feb,
   volume = 30,
      eid = {1152},
    pages = {1152},
      doi = {10.1029/2002GL016007},
   adsurl = {http://adsabs.harvard.edu/abs/2003GeoRL..30.1152O},
  adsnote = {Provided by the SAO/NASA Astrophysics Data System}
}

@ARTICLE{Gallagher2000,
   author = {{Gallagher}, D.~L. and {Craven}, P.~D. and {Comfort}, R.~H.},
    title = "{Global core plasma model}",
  journal = {Journal of Geophysical Research},
 keywords = {Magnetospheric Physics},
     year = 2000,
    month = aug,
   volume = 105,
    pages = {18819},
      doi = {10.1029/1999JA000241},
   adsurl = {http://adsabs.harvard.edu/abs/2000JGR...10518819G},
  adsnote = {Provided by the SAO/NASA Astrophysics Data System}
}

@ARTICLE{Min2013,
   author = {{Min}, K. and {Bortnik}, J. and {Denton}, R.~E. and {Takahashi}, K. and 
	{Lee}, J. and {Singer}, H.~J.},
    title = "{Quiet time equatorial mass density distribution derived from AMPTE/CCE and GOES using the magnetoseismology technique}",
  journal = {Journal of Geophysical Research (Space Physics)},
 keywords = {equatorial plasma mass density, magneto-seismology, toroidal-mode Alfv{\'e}n waves},
     year = 2013,
    month = oct,
   volume = 118,
    pages = {6090-6105},
      doi = {10.1002/jgra.50563},
   adsurl = {http://adsabs.harvard.edu/abs/2013JGRA..118.6090M},
  adsnote = {Provided by the SAO/NASA Astrophysics Data System}
}

	@ARTICLE{Lotoaniu1999PlasmaMassDensity,
		author = {{Loto'aniu}, T.~M. and {Waters}, C.~L. and {Fraser}, B.~J. and 
		{Samson}, J.~C.},
		title = "{Plasma mass density in the plasmatrough: Comparison using ULF waves and CRRES}",
		journal = {Geophys. Res. Lett.},
		keywords = {Magnetospheric Physics: Magnetospheric configuration and dynamics, Magnetospheric Physics: MHD waves and instabilities, Magnetospheric Physics: Plasma waves and instabilities, Magnetospheric Physics: Instruments and techniques},
		year = 1999,
		volume = 26,
		pages = {3277-3280},
		doi = {10.1029/1999GL003641},
		adsurl = {http://adsabs.harvard.edu/abs/1999GeoRL..26.3277L},
		adsnote = {Provided by the SAO/NASA Astrophysics Data System}
	}
	
	@ARTICLE{Gallagher1988EmpiricalModelPlasmasphere,
		author = {{Gallagher}, D.~L. and {Craven}, P.~D. and {Comfort}, R.~H.},
		title = "{An empirical model of the earth's plasmasphere}",
		journal = {Advances in Space Research},
		keywords = {Atmospheric Composition, Atmospheric Models, Mass Spectroscopy, Plasmasphere, Dynamics Explorer Satellites, Hydrogen Ions, Plasma Density},
		year = 1988,
		volume = 8,
		pages = {15-21},
		doi = {10.1016/0273-1177(88)90258-X},
		adsurl = {http://adsabs.harvard.edu/abs/1988AdSpR...8...15G},
		adsnote = {Provided by the SAO/NASA Astrophysics Data System}
	}
	
	@ARTICLE{Hamilton1988RingCurrentDevelopment,
		author = {{Hamilton}, D.~C. and {Gloeckler}, G. and {Ipavich}, F.~M. and 
		{Wilken}, B. and {Stuedemann}, W.},
		title = "{Ring current development during the great geomagnetic storm of February 1986}",
		journal = {J. Geophys. Research},
		keywords = {Earth Magnetosphere, Geomagnetism, Magnetic Storms, Ring Currents, Ampte (Satellites), Charged Particles, Energy Spectra, Particle Flux Density, Sudden Storm Commencements},
		year = 1988,
		month = dec,
		volume = 93,
		pages = {14343-14355},
		doi = {10.1029/JA093iA12p14343},
		adsurl = {http://adsabs.harvard.edu/abs/1988JGR....9314343H},
		adsnote = {Provided by the SAO/NASA Astrophysics Data System}
	}
	
	@Book{LemaireEarthsPlasmasphere,
		author = {Lemaire, J},
		title = {The Earth's Plasmasphere},
		publisher = {Cambridge University Press},
		year = {1998},
		isbn = {9780521430913}
	}
	
	@ARTICLE{OBrien2003EmpiricalPlasmapause,
		author = {{O'Brien}, T.~P. and {Moldwin}, M.~B.},
		title = "{Empirical plasmapause models from magnetic indices}",
		journal = {Geophys. Res. Lett.},
		keywords = {Magnetospheric Physics: Plasmasphere, Magnetospheric Physics: Plasma convection, Magnetospheric Physics: Magnetospheric configuration and dynamics, Magnetospheric Physics: Electric fields (2411), Magnetospheric Physics: Magnetosphere-inner,},
		year = 2003,
		month = feb,
		volume = 30,
		eid = {1152},
		pages = {1-1},
		doi = {10.1029/2002GL016007},
		adsurl = {http://adsabs.harvard.edu/abs/2003GeoRL..30.1152O},
		adsnote = {Provided by the SAO/NASA Astrophysics Data System}
	}
	
		@ARTICLE{Moldwin2002ModelPlasmapause,
			author = {{Moldwin}, M.~B. and {Downward}, L. and {Rassoul}, H.~K. and 
			{Amin}, R. and {Anderson}, R.~R.},
			title = "{A new model of the location of the plasmapause: CRRES results}",
			journal = {J. of Geophys. Res.},
			keywords = {Magnetospheric Physics: Magnetosphere-inner, Magnetospheric Physics: Magnetospheric configuration and dynamics, Magnetospheric Physics: Magnetosphere/ionosphere interactions, Magnetospheric Physics: Plasmasphere, plasmasphere, plasmapause, inner magnetosphere},
			year = 2002,
			month = nov,
			volume = 107,
			eid = {1339},
			pages = {1339},
			doi = {10.1029/2001JA009211},
			adsurl = {http://adsabs.harvard.edu/abs/2002JGRA..107.1339M},
			adsnote = {Provided by the SAO/NASA Astrophysics Data System}
		}
		
		@ARTICLE{Mayr1968ModelMagnetosphereTemperature,
   author = {{Mayr}, H.~G. and {Volland}, H.},
   title = "{Model of magnetospheric temperature distribution}",
   journal = {J. Geophys. Research},
   keywords = {Particles and Fields in the Earth's Magnetosphere: Magnetospheric configuration, Particles and Fields in the Earth's Magnetosphere: Plasma motion, convection, or circulation},
   year = 1968,
   month = aug,
   volume = 73,
   pages = {4851-4858},
   doi = {10.1029/JA073i015p04851},
   adsurl = {http://adsabs.harvard.edu/abs/1968JGR....73.4851M},
   adsnote = {Provided by the SAO/NASA Astrophysics Data System}
}